@book{Alexander:2006:FEC:1207036,
    author = {Alexander, Charles and Sadiku, Matthew},
    title = {Fundamentals of Electric Circuits},
    year = {2007},
    isbn = {0073301159, 9780073301150},
    edition = {3},
    publisher = {McGraw-Hill, Inc.},
    address = {New York, NY, USA},
} 
@misc{oneill, 
    title={Laplace Transform Table}, howpublished="\url{https://sites.google.com/site/patrickoneill1416/laplace-transform}", 
    note = "[Online; accessed 19-April-2019]", 
    author={ONeill, Patrick}
}

@misc{linares, 
    title={Elec 202 Course Website}, howpublished="\url{https://courses.ece.ubc.ca/elec202/linares.html}", 
    note = "[Online; accessed 19-April-2019]", 
    author={Linares, J.C.}
}
@misc{251, 
    title={Elec 251 Slide}, howpublished="\url{http://www.ece.ubc.ca/~shahriar/eece251_notes/eece251_set3_1up.pdf}", 
    note = "[Online; accessed 21-April-2019]",
}


